@misc{WEB:ORACLE-FBA,
 howpublished = {r̆lhttp://www.oracle.com/technology/ products/database/oracle11g/pdf/flashback-data-archivewhitepaper.pdf},
 note = {Accessed: 2015, Jul 1},
 title = {Oracle - FBA Whitepaper}
}

@proceedings{DBLP:conf/qest/2006,
 title = {Third International Conference on the Quantitative Evaluation of Systems
(QEST 2006), 11-14 September 2006, Riverside, California, USA},
 year = {2006}
}

@inproceedings{AG85,
 author = {Abiteboul, Serge and Grahne, Gösta},
 booktitle = {VLDB},
 pages = {1--12},
 title = {Update semantics for incomplete databases},
 year = {1985}
}

@conference{AB06a,
 author = {Agrawal, Parag and Benjelloun, Omar and Anish Das Sarma and Hayworth, Chris and Nabar, Shubha U. and Sugihara, Tomoe and Widom, Jennifer},
 booktitle = {VLDB},
 pages = {1151--1154},
 title = {Trio: A System for Data, Uncertainty, and Lineage},
 year = {2006}
}

@inproceedings{MeliouS12,
 author = {Alexandra Meliou and Dan Suciu},
 booktitle = {SIGMOD},
 pages = {337--348},
 title = {Tiresias: The Database Oracle for How-To Queries},
 venue = {SIGMOD},
 year = {2012}
}

@article{AD11c,
 author = {Amsterdamer, Y. and Davidson, S.B. and Deutch, D. and Milo, T. and Stoyanovich, J. and Tannen, V.},
 journal = {PVLDB},
 number = {4},
 pages = {346--357},
 title = {Putting Lipstick on Pig: Enabling Database-style Workflow Provenance},
 volume = {5},
 year = {2011}
}

@inproceedings{AD11b,
 author = {Amsterdamer, Y. and Deutch, D. and Milo, T. and Tannen, V.},
 booktitle = {PODS},
 pages = {141--152},
 title = {On Provenance Minimization},
 year = {2011}
}

@inproceedings{AD11d,
 author = {Amsterdamer, Yael and Deutch, Daniel and Tannen, Val},
 booktitle = {PODS},
 pages = {153--164},
 title = {Provenance for Aggregate Queries},
 year = {2011}
}

@inproceedings{hung17,
 author = {Andrey Balmin and
Thanos Papadimitriou and
Yannis Papakonstantinou},
 booktitle = {VLDB},
 pages = {220--231},
 title = {Hypothetical Queries in an OLAP Environment},
 year = {2000}
}

@techreport{AG16,
 author = {Arab, Bahareh  Sadat and Dieter Gawlick and Vasudha Krishnaswamy and Venkatesh Radhakrishnan and Boris Glavic},
 title = {Formal Foundations of Reenactment and Transaction Provenance},
 year = {2016}
}

@inproceedings{AG14,
 author = {Arab, Bahareh Sadat and Dieter Gawlick and Venkatesh Radhakrishnan and Hao Guo and Boris Glavic},
 booktitle = {TaPP},
 title = {A Generic Provenance Middleware for Database Queries, Updates, and Transactions},
 year = {2014}
}

@inproceedings{AG17,
 author = {Arab, Bahareh Sadat and Gawlick, Dieter and Krishnaswamy, Vasudha and Radhakrishnan, Venkatesh and Glavic, Boris},
 booktitle = {CIKM},
 pages = {841--850},
 title = {Reenactment for Read-Committed Snapshot Isolation},
 year = {2016}
}

@article{AG17a,
 author = {Arab, Bahareh Sadat and Gawlick, Dieter and Krishnaswamy, Vasudha and Radhakrishnan, Venkatesh and Glavic, Boris},
 journal = {CoRR},
 title = {Reenactment for read-committed snapshot isolation  (long version)},
 volume = {abs/1608.08258},
 year = {2016}
}

@article{AG18,
 author = {Arab, Bahareh Sadat and Gawlick, Dieter and Krishnaswamy, Vasudha and Radhakrishnan, Venkatesh and Glavic, Boris},
 journal = {TKDE},
 number = {3},
 pages = {599--612},
 title = {Using reenactment to retroactively capture provenance for transactions},
 volume = {30},
 year = {2018}
}

@incollection{AD13a,
 author = {Archer, David W and Delcambre, Lois ML and Maier, David},
 booktitle = {In Search of Elegance in the Theory and Practice of Computation},
 pages = {89--111},
 title = {User Trust and Judgments in a Curated Database with Explicit Provenance},
 year = {2013}
}

@article{BB95,
 author = {Berenson, Hal and Bernstein, Phil and Gray, Jim and Melton, Jim and O'Neil, Elizabeth and O'Neil, Patrick},
 journal = {SIGMOD Record},
 number = {2},
 pages = {1--10},
 title = {A critique of ANSI SQL isolation levels},
 volume = {24},
 year = {1995}
}

@article{BC05a,
 author = {Bhagwat, Deepavali and Chiticariu, Laura and Tan, Wang-Chiew and Vijayvargiya, Gaurav},
 journal = {VLDBJ},
 number = {4},
 pages = {373--396},
 title = {An Annotation Management System for Relational Databases},
 volume = {14},
 year = {2005}
}

@phdthesis{G10a,
 author = {Boris Glavic},
 school = {University of Zurich},
 title = {Perm: Efficient Provenance Support for Relational Databases},
 year = {2010}
}

@inproceedings{GA09a,
 author = {Boris Glavic and Gustavo Alonso},
 booktitle = {EDBT},
 pages = {982--993},
 title = {Provenance for Nested Subqueries},
 year = {2009}
}

@article{GA10,
 author = {Boris Glavic and Gustavo Alonso and Renée J. Miller and Laura M. Haas},
 journal = {PVLDB},
 number = {1},
 pages = {1314--1325},
 title = {TRAMP: Understanding the Behavior of Schema Mappings through Provenance},
 volume = {3},
 year = {2010}
}

@inproceedings{GE13,
 author = {Boris Glavic and Kyumars Sheykh Esmaili and Peter M. Fischer and Nesime Tatbul},
 booktitle = {DEBS},
 pages = {39--50},
 title = {Ariadne: Managing Fine-Grained Provenance on Data Streams},
 year = {2013}
}

@incollection{GM13,
 author = {Boris Glavic and Miller, Renée J and Alonso, Gustavo},
 booktitle = {In Search of Elegance in the Theory and Practice of Computation},
 pages = {291--320},
 title = {Using SQL for Efficient Generation and Querying of Provenance Information},
 year = {2013}
}

@inproceedings{bourhis16,
 author = {Bourhis, Pierre and Deutch, Daniel and Moskovitch, Yuval},
 booktitle = {ICDE},
 pages = {779--790},
 title = {Analyzing data-centric applications: Why, what-if, and how-to},
 year = {2016}
}

@inproceedings{CooperSTRS10,
 author = {Brian F. Cooper and
Adam Silberstein and
Erwin Tam and
Raghu Ramakrishnan and
Russell Sears},
 booktitle = {SoCC},
 pages = {143--154},
 title = {Benchmarking cloud serving systems with YCSB},
 year = {2010}
}

@article{bucur14,
 author = {Bucur, Stefan and Kinder, Johannes and Candea, George},
 journal = {SIGARCH Comput Archit News},
 number = {1},
 pages = {239--254},
 title = {Prototyping symbolic execution engines for interpreted languages},
 volume = {42},
 year = {2014}
}

@article{BC08a,
 author = {Buneman, Peter and Cheney, James and Vansummeren, Stijn},
 journal = {TODS},
 number = {4},
 pages = {1--47},
 title = {On the Expressiveness of Implicit Provenance in Query and Update Languages},
 volume = {33},
 year = {2008}
}

@inproceedings{BK13,
 author = {Buneman, Peter and Kostylev, Egor V and Vansummeren, Stijn},
 booktitle = {ICDT},
 pages = {177--188},
 title = {Annotations are relative},
 year = {2013}
}

@article{cadar13,
 author = {Cadar, Cristian and Sen, Koushik},
 journal = {CACM},
 number = {2},
 pages = {82--90},
 title = {Symbolic execution for software testing: three decades later},
 volume = {56},
 year = {2013}
}

@phdthesis{C09b,
 author = {Cahill, M.J.h},
 school = {The University of Sydney},
 title = {Serializable Isolation for Snapshot Databases},
 year = {2009}
}

@inproceedings{CJ08a,
 author = {Chapman, Adriane and Jagadish, H. V. and Ramanan, Prakash},
 booktitle = {SIGMOD},
 pages = {993--1006},
 title = {Efficient Provenance Storage},
 year = {2008}
}

@article{cheney07,
 author = {Cheney, James},
 journal = {IEEE Data Eng. Bull.},
 number = {4},
 pages = {22--28},
 title = {Program slicing and data provenance.},
 volume = {30},
 year = {2007}
}

@article{CC09,
 author = {Cheney, James and Chiticariu, Laura and Tan, Wang-Chiew},
 journal = {Foundations and Trends in Databases},
 number = {4},
 pages = {379--474},
 title = {Provenance in Databases: Why, How, and Where},
 volume = {1},
 year = {2009}
}

@incollection{CF12a,
 author = {Chirigati, Fernando and Freire, Juliana},
 booktitle = {IPAW},
 pages = {11--23},
 title = {Towards integrating workflow and database provenance},
 year = {2012}
}

@inproceedings{TG11,
 author = {Christian Tilgner and Boris Glavic and Michael H. Böhlen and Carl-Christian Kanne},
 booktitle = {ADBIS},
 pages = {170--184},
 title = {Declarative Serializable Snapshot Isolation},
 year = {2011}
}

@inproceedings{chu2017,
 author = {Chu, Shumo and Wang, Chenglong and Weitz, Konstantin and Cheung, Alvin},
 booktitle = {CIDR},
 title = {Cosette: An Automated Prover for SQL},
 year = {2017}
}

@article{cplex2009v12,
 author = {Cplex, IBM ILOG},
 journal = {International Business Machines Corporation},
 number = {53},
 pages = {157},
 title = {V12. 1: User’s Manual for CPLEX},
 volume = {46},
 year = {2009}
}

@conference{OZ11,
 author = {Dan Olteanu and Jakub Závodný},
 booktitle = {TaPP},
 title = {On Factorisation of Provenance Polynomials},
 year = {2011}
}

@inproceedings{dashti17,
 author = {Dashti, Mohammad and Basil John, Sachin and Shaikhha, Amir and Koch, Christoph},
 booktitle = {SIGMOD},
 pages = {235--250},
 title = {Transaction Repair for Multi-Version Concurrency Control},
 year = {2017}
}

@inproceedings{deutch13,
 author = {Deutch, Daniel and Ives, Zachary G and Milo, Tova and Tannen, Val},
 booktitle = {CIDR},
 title = {Caravan: Provisioning for What-If Analysis},
 year = {2013}
}

@inproceedings{GR11,
 author = {Dieter Gawlick and Venkatesh Radhakrishnan},
 booktitle = {TaPP},
 title = {Fine Grain Provenance Using Temporal Databases},
 year = {2011}
}

@article{DifallahPCC13,
 author = {Djellel Eddine Difallah and Andrew Pavlo and Carlo Curino and Philippe Cudré-Mauroux},
 journal = {PVLDB},
 number = {4},
 pages = {277--288},
 title = {OLTP-Bench: An Extensible Testbed for Benchmarking Relational Databases},
 volume = {7},
 year = {2013}
}

@inproceedings{EL12,
 author = {Engle, Cliff and Lupher, Antonio and Xin, Reynold and Zaharia, Matei and Franklin, Michael J and Shenker, Scott and Stoica, Ion},
 booktitle = {SIGMOD},
 pages = {689--692},
 title = {Shark: fast data analysis using coarse-grained distributed memory},
 year = {2012}
}

@article{fan2008,
 author = {Fan, Wenfei and Geerts, Floris and Jia, Xibei and Kementsietsidis, Anastasios},
 journal = {TODS},
 number = {2},
 pages = {6},
 title = {Conditional functional dependencies for capturing data inconsistencies},
 volume = {33},
 year = {2008}
}

@article{techreport,
 archiveprefix = {arXiv},
 author = {Felix S. Campbell and Bahareh S. Arab and Boris Glavic},
 eprint = {2203.12860},
 primaryclass = {cs.DB},
 title = {Efficient Answering of Historical What-if Queries (extended version)},
 year = {2022}
}

@article{GP10,
 author = {Geerts, F. and Poggi, A.},
 journal = {Journal of Applied Logic},
 number = {2},
 pages = {173--185},
 title = {On database query languages for K-relations},
 volume = {8},
 year = {2010}
}

@incollection{GA12,
 author = {Green, Todd J and Aref, Molham and Karvounarakis, Grigoris},
 booktitle = {Datalog in Academia and Industry},
 pages = {1--8},
 title = {Logicblox, platform and language: A tutorial},
 year = {2012}
}

@inproceedings{GK07,
 author = {Green, Todd J. and Karvounarakis, Gregory and Tannen, Val},
 booktitle = {PODS},
 pages = {31--40},
 title = {Provenance Semirings},
 year = {2007}
}

@inproceedings{GM10,
 author = {Grust, Torsten and Mayr, Manuel and Rittinger, Jan},
 booktitle = {EDBT},
 pages = {147--158},
 title = {Let SQL drive the XQuery workhorse (XQuery join graph isolation)},
 year = {2010}
}

@article{GR13,
 author = {Grust, Torsten and Rittinger, Jan},
 journal = {TODS},
 number = {1},
 pages = {3},
 title = {Observing SQL queries in their natural habitat},
 volume = {38},
 year = {2013}
}

@article{gomez14,
 author = {Gómez-López, Marı́a Teresa and Gasca, Rafael M},
 journal = {Expert Syst Appl},
 number = {15},
 pages = {6773--6785},
 title = {Using constraint programming in selection operators for constraint databases},
 volume = {41},
 year = {2014}
}

@article{IL84a,
 author = {Imieli{\'n}ski, Tomasz and Lipski Jr, Witold},
 journal = {JACM},
 number = {4},
 pages = {761--791},
 title = {Incomplete Information in Relational Databases},
 volume = {31},
 year = {1984}
}

@article{JB95,
 author = {Jacobs, K. and Bamford, R. and Doherty, G. and Haas, K. and Holt, M. and Putzolu, F. and Quigley, B.},
 journal = {Oracle White Paper},
 title = {Concurrency control, transaction isolation and serializability in SQL92 and Oracle7},
 year = {1995}
}

@article{JS99,
 author = {Jensen, C.S. and Snodgrass, R.T.},
 journal = {TKDE},
 number = {1},
 pages = {36--44},
 title = {Temporal Data Management},
 volume = {11},
 year = {1999}
}

@inproceedings{DBLP:conf/qest/Halpern06,
 author = {Joseph Y. Halpern},
 booktitle = {Third International Conference on the Quantitative Evaluation of Systems
(QEST 2006), 11-14 September 2006, Riverside, California, USA},
 pages = {3--8},
 title = {Causality, Responsibility, and Blame: A Structural-Model Approach},
 year = {2006}
}

@phdthesis{K09,
 author = {Karvounarakis, G.},
 school = {University of Pennsylvania},
 title = {Provenance in collaborative data sharing},
 year = {2009}
}

@article{KG12,
 author = {Karvounarakis, G. and Green, T.J.},
 journal = {SIGMOD Record},
 number = {3},
 pages = {5--14},
 title = {Semiring-Annotated Data: Queries and Provenance},
 volume = {41},
 year = {2012}
}

@conference{KI10,
 author = {Karvounarakis, G. and Ives, Z.G. and Tannen, V.},
 booktitle = {SIGMOD},
 pages = {951--962},
 title = {Querying data provenance},
 year = {2010}
}

@article{KG13,
 author = {Karvounarakis, Grigoris and Green, Todd J and Ives, Zachary G and Tannen, Val},
 journal = {TODS},
 number = {3},
 pages = {19},
 title = {Collaborative data sharing via update exchange and provenance},
 volume = {38},
 year = {2013}
}

@inproceedings{pip10,
 author = {Kennedy, Oliver and Koch, Christoph},
 booktitle = {ICDE},
 pages = {157--168},
 title = {PIP: A database system for great and small expectations},
 year = {2010}
}

@article{K76,
 author = {King, James C},
 journal = {CACM},
 number = {7},
 pages = {385--394},
 title = {Symbolic execution and program testing},
 volume = {19},
 year = {1976}
}

@article{KA14,
 author = {Koch, Christoph and Ahmad, Yanif and Kennedy, Oliver and Nikolic, Milos and Nötzli, Andres and Lupei, Daniel and Shaikhha, Amir},
 journal = {VLDBJ},
 number = {2},
 pages = {253--278},
 title = {Dbtoaster: higher-order delta processing for dynamic, frequently fresh views},
 volume = {23},
 year = {2014}
}

@inproceedings{KB12,
 author = {Kostylev, Egor V and Buneman, Peter},
 booktitle = {ICDT},
 pages = {196--207},
 title = {Combining dependent annotations for relational algebra},
 year = {2012}
}

@book{kuper13,
 author = {Kuper, Gabriel and Libkin, Leonid and Paredaens, Jan},
 title = {Constraint databases},
 year = {2013}
}

@incollection{KL13,
 author = {Köhler, Sven and Ludäscher, Bertram and Zinn, Daniel},
 booktitle = {In Search of Elegance in the Theory and Practice of Computation},
 pages = {382--399},
 title = {First-Order Provenance Games},
 year = {2013}
}

@article{moura-11-smt,
 author = {Leonardo Mendonça de Moura and Nikolaj Bjørner},
 journal = {CACM},
 number = {9},
 pages = {69--77},
 title = {Satisfiability Modulo Theories: Introduction and Applications},
 volume = {54},
 year = {2011}
}

@inproceedings{LL09,
 author = {Lomet, David B and Li, Feifei},
 booktitle = {ICDE},
 pages = {581--591},
 title = {Improving transaction-time dbms performance and functionality},
 year = {2009}
}

@inproceedings{luckow14,
 author = {Luckow, Kasper and Păsăreanu, Corina S and Dwyer, Matthew B and Filieri, Antonio and Visser, Willem},
 booktitle = {ASE},
 pages = {575--586},
 title = {Exact and approximate probabilistic symbolic execution for nondeterministic programs},
 year = {2014}
}

@inproceedings{AB09,
 author = {Manish Kumar Anand and Shawn Bowers and Timothy McPhillips and Bertram Ludäscher},
 booktitle = {EDBT},
 pages = {958--969},
 title = {Efficient Provenance Storage over Nested Data Collections},
 year = {2009}
}

@inproceedings{winslett-86-upldcnv,
 author = {Marianne Winslett},
 booktitle = {ICDT},
 pages = {421--435},
 title = {Updating Logical Databases Containing Null Values},
 volume = {243},
 year = {1986}
}

@article{MG10,
 author = {Meliou, A. and Gatterbauer, W. and Moore, K.F. and Suciu, D.},
 journal = {PVLDB},
 number = {1},
 pages = {34--45},
 title = {The Complexity of Causality and Responsibility for Query Answers and non-Answers},
 volume = {4},
 year = {2010}
}

@inproceedings{MB13a,
 author = {Missier, Paolo and Belhajjame, Khalid and Cheney, James},
 booktitle = {EDBT},
 pages = {773--776},
 title = {The W3C PROV family of specifications for modelling provenance metadata},
 year = {2013}
}

@article{MC11,
 author = {Moreau, Luc and Clifford, Ben and Freire, Juliana and Futrelle, Joe and Gil, Yolanda and Groth, Paul and Kwasnikowska, Natalia and Miles, Simon and Missier, Paolo and Myers, Jim and others},
 journal = {Future Generation Computer Systems},
 number = {6},
 pages = {743--756},
 title = {The open provenance model core specification (v1.1)},
 volume = {27},
 year = {2011}
}

@inproceedings{XN17,
 author = {Niu, Xing and Kapoor, Raghav and Glavic, Boris and Gawlick, Dieter and Liu, Zhen Hua and Krishnaswamy, Vasudha and Radhakrishnan, Venkatesh},
 booktitle = {ICDE},
 title = {Provenance-aware Query Optimization},
 year = {2017 (to appear)}
}

@url{Oa,
 author = {Oracle},
 title = {http://www.oracle.com/technology/products/database/oracle11g/pdf/flashback-data-archive-whitepaper.pdf},
 urldate = {2008}
}

@book{P00,
 author = {Pearl, J.},
 publisher = {Cambridge Univ Pr},
 title = {Causality: models, reasoning, and inference},
 year = {2000}
}

@inproceedings{BK01,
 author = {Peter Buneman and Sanjeev Khanna and Wang-Chiew Tan},
 booktitle = {ICDT},
 pages = {316--330},
 title = {Why and Where: A Characterization of Data Provenance},
 year = {2001}
}

@inproceedings{bourhis-20-eqinalphupq,
 author = {Pierre Bourhis and Daniel Deutch and Yuval Moskovitch},
 booktitle = {SIGMOD},
 pages = {415--429},
 title = {Equivalence-Invariant Algebraic Provenance for Hyperplane Update Queries},
 year = {2020}
}

@article{PG12,
 author = {Ports, Dan RK and Grittner, Kevin},
 journal = {PVLDB},
 number = {12},
 pages = {1850--1861},
 title = {Serializable snapshot isolation in PostgreSQL},
 volume = {5},
 year = {2012}
}

@article{zhou-19-autvqequssm,
 author = {Qi Zhou and Joy Arulraj and Shamkant B. Navathe and William Harris and Dong Xu},
 journal = {PVLDB},
 number = {11},
 pages = {1276--1288},
 title = {Automated Verification of Query Equivalence Using Satisfiability Modulo Theories},
 volume = {12},
 year = {2019}
}

@article{chirkova-12-mv,
 author = {Rada Chirkova and Jun Yang},
 journal = {Found. Trends Databases},
 number = {4},
 pages = {295--405},
 title = {Materialized Views},
 volume = {4},
 year = {2012}
}

@article{fagin-86-upld,
 author = {Ronald Fagin and Gabriel M. Kuper and Jeffrey D. Ullman and Moshe Y. Vardi},
 journal = {Adv. Comput. Res.},
 pages = {1--18},
 title = {Updating Logical Databases},
 volume = {3},
 year = {1986}
}

@inproceedings{RS14,
 author = {Roy, Sudeepa and Suciu, Dan},
 booktitle = {SIGMOD},
 title = {A formal approach to finding explanations for database queries},
 year = {2014}
}

@book{schrijver1998theory,
 author = {Schrijver, Alexander},
 publisher = {John Wiley & Sons},
 title = {Theory of linear and integer programming},
 year = {1998}
}

@inproceedings{RK14,
 author = {Sean Riddle and Sven Köhler and Bertram Lud\s̈cher},
 booktitle = {TaPP},
 title = {Towards Constraint Provenance Games},
 year = {2014}
}

@inproceedings{FH21,
 author = {Su Feng and Aaron Huber and Boris Glavic and Oliver Kennedy},
 booktitle = {SIGMOD},
 pages = {528--540},
 title = {Efficient Uncertainty Tracking for Complex Queries with Attribute-level Bounds},
 year = {2021}
}

@inproceedings{SK17,
 author = {Sundarmurthy, Bruhathi and Koutris, Paraschos and Lang, Willis and Naughton, Jeffrey and Tannen, Val},
 booktitle = {ICDT},
 title = {m-tables: Representing Missing Data},
 volume = {68},
 year = {2017}
}

@incollection{T13,
 author = {Tannen, Val},
 booktitle = {In Search of Elegance in the Theory and Practice of Computation},
 pages = {483--493},
 title = {Provenance Propagation in Complex Queries},
 year = {2013}
}

@book{TC93,
 author = {Tansel, Abdullah Uz and Clifford, James and Gadia, Shashi and Jajodia, Sushil and Segev, Arie and Snodgrass, Richard},
 publisher = {Benjamin-Cummings Publishing Co., Inc.},
 title = {Temporal databases: theory, design, and implementation},
 year = {1993}
}

@inproceedings{TS10a,
 author = {Thusoo, Ashish and Sarma, Joydeep Sen and Jain, Namit and Shao, Zheng and Chakka, Prasad and Zhang, Ning and Antony, Suresh and Liu, Hao and Murthy, Raghotham},
 booktitle = {ICDE},
 pages = {996--1005},
 title = {Hive-a petabyte scale data warehouse using Hadoop},
 year = {2010}
}

@inproceedings{GI09,
 author = {Todd J. Green and Zachary G. Ives and Val Tannen},
 booktitle = {ICDT},
 pages = {212--224},
 title = {Reconcilable Differences},
 year = {2009}
}

@inproceedings{torlak2014,
 author = {Torlak, Emina and Bodik, Rastislav},
 booktitle = {ACM SIGPLAN Notices},
 number = {6},
 pages = {530--541},
 title = {A lightweight symbolic virtual machine for solver-aided host languages},
 volume = {49},
 year = {2014}
}

@article{VC07,
 author = {Vansummeren, Stijn and Cheney, James},
 journal = {Data Eng. Bull},
 number = {4},
 pages = {29--37},
 title = {Recording Provenance for SQL Queries and Updates},
 volume = {30},
 year = {2007}
}

@inproceedings{wang16,
 author = {Wang, Xiaolan and Meliou, Alexandra and Wu, Eugene},
 booktitle = {SIGMOD},
 pages = {1369--1384},
 title = {Qfix: Diagnosing errors through query histories},
 venue = {SIGMOD},
 year = {2017}
}

@article{W81,
 author = {Weiser, M.},
 journal = {ICSE},
 pages = {439--449},
 title = {Program slicing},
 year = {1981}
}

@conference{AD11a,
 author = {Yael Amsterdamer and Daniel Deutch and Val Tannen},
 booktitle = {TaPP},
 title = {On the Limitations of Provenance for Queries with Difference},
 year = {2011}
}

@article{lenses15,
 author = {Yang, Ying and Meneghetti, Niccolo and Fehling, Ronny and Liu, Zhen Hua and Kennedy, Oliver},
 journal = {PVLDB},
 number = {12},
 pages = {1578--1589},
 title = {Lenses: An on-demand approach to etl},
 volume = {8},
 year = {2015}
}

@article{CW00b,
 author = {Yingwei Cui and Jennifer Widom and Janet L. Wiener},
 journal = {TODS},
 number = {2},
 pages = {179--227},
 title = {Tracing the Lineage of View Data in a Warehousing Environment},
 volume = {25},
 year = {2000}
}

@conference{ZJ10,
 author = {Zhang, J. and Jagadish, HV},
 booktitle = {EDBT},
 pages = {311--322},
 title = {Lost source provenance},
 year = {2010}
}

@incollection{ZJ13,
 author = {Zhang, Jing and Jagadish, HV},
 booktitle = {In Search of Elegance in the Theory and Practice of Computation},
 pages = {557--567},
 title = {Provenance in a Modifiable Data Set},
 year = {2013}
}

@article{ZM13,
 author = {Zhou, W. and Mapara, S. and Ren, Y. and Li, Y. and Haeberlen, A. and Ives, Z. and Loo, B.T. and Sherr, M.},
 journal = {PVLDB},
 number = {2},
 pages = {49--60},
 title = {Distributed time-aware provenance},
 volume = {6},
 year = {2013}
}

@article{ZG95,
 author = {Zhuge, Yue and Garcia-Molina, Hector and Hammer, Joachim and Widom, Jennifer},
 journal = {SIGMOD Record},
 number = {2},
 pages = {316--327},
 title = {View maintenance in a warehousing environment},
 volume = {24},
 year = {1995}
}

@inproceedings{Z96,
 author = {Zündorf, Albert},
 booktitle = {Graph Grammars and Their Application to Computer Science},
 pages = {454--468},
 title = {Graph pattern matching in PROGRES},
 year = {1996}
}
